@article{mrx05, 
auTHor = "Mr. X", 
Title = {Something Great}, 
publisher = "nob" # "ody", 
YEAR = 2005, 
} 

@misc{ Nobody06,
	author = "Nobody Jr",
	title = "My Article",
	year = "2006" 
}